<?xml version="1.0" encoding="UTF-8"?><record xmlns="http://www.loc.gov/MARC21/slim" xmlns:cinclude="http://apache.org/cocoon/include/1.0" xmlns:zs="http://www.loc.gov/zing/srw/">
  <leader>00441nz  a2200121n  4500</leader>
  <controlfield tag="001">n  79072326 </controlfield>
  <controlfield tag="003">DLC</controlfield>
  <controlfield tag="005">19840322000000.0</controlfield>
  <controlfield tag="008">790709n| acannaab|          |n ana |||  </controlfield>
  <datafield tag="010" ind1=" " ind2=" ">
    <subfield code="a">n  79072326 </subfield>
  </datafield>
  <datafield tag="040" ind1=" " ind2=" ">
    <subfield code="a">DLC</subfield>
    <subfield code="c">DLC</subfield>
  </datafield>
  <datafield tag="110" ind1="2" ind2="0">
    <subfield code="a">Dobry Molodt︠s︡y (Musical group)</subfield>
  </datafield>
  <datafield tag="670" ind1=" " ind2=" ">
    <subfield code="a">Fli︠a︡rkovskiĭ, A. G. Vokalʹno-instrumentalʹnyĭ ansamblʹ Dobry Molodt︠s︡y ... [SR] 1978 (a.e.)</subfield>
    <subfield code="b">label (Dobry Molodt︠s︡y, vocal-instrumental ensemble)</subfield>
  </datafield>
</record>